<?xml version="1.0" encoding="UTF-8"?><collection xmlns="http://www.loc.gov/MARC21/slim"><record><leader>00534nam--2200169-i-4500</leader><controlfield tag="001">000028824</controlfield><controlfield tag="002">20161230</controlfield><controlfield tag="005">20161230201037</controlfield><controlfield tag="008">060222s1000------------r-----000-0-eng-d</controlfield><datafield ind1=" " ind2=" " tag="040"><subfield code="a">IFIN-HH</subfield></datafield><datafield ind1=" " ind2=" " tag="080"><subfield code="a">539.124.143(043)</subfield></datafield><datafield ind1="1" ind2=" " tag="100"><subfield code="a">Kim, Kyoung Hoon</subfield></datafield><datafield ind1="1" ind2="0" tag="245"><subfield code="a">Nuclear spin-lattice relaxation via paramagnetic centers in the retating reference frame</subfield><subfield code="b">These</subfield><subfield code="c">Kyoung hoon kim</subfield></datafield><datafield ind1=" " ind2=" " tag="260"><subfield code="a">Ann Arbor, Michigan</subfield><subfield code="b">University Microfilms, Inc</subfield><subfield code="c">1969</subfield></datafield><datafield ind1=" " ind2=" " tag="300"><subfield code="a">VII+85P</subfield></datafield><datafield ind1=" " ind2=" " tag="852"><subfield code="a">36098</subfield><subfield code="c">539.143.43</subfield></datafield><datafield ind1=" " ind2=" " tag="CAT"><subfield code="a">Sys</subfield><subfield code="c">20120508</subfield><subfield code="h">093232</subfield></datafield></record></collection>